@misc{ssh,
  author = {},
  title = {{Stop Street Harassment. Definitions}},
  howpublished = "\url{ http://www.stopstreetharassment.org/resources/definitions/
}",
  year = {2015}, 
  note = "[Online; accessed July-2015]"
}
@article{walkApi1,
  title={Validation of Walk Score for estimating access to walkable amenities},
  author={Carr, Lucas J and Dunsiger, Shira I and Marcus, Bess H},
  journal={British Journal of Sports Medicine},
   volume={45},
  number={14},
  pages={1144-1148},
  year={2010},
  publisher={BMJ Publishing Group Ltd and British Association of Sport and Exercise Medicine}
}
@article{walkApi2,
  title={Validation of Walk Score{\textregistered} for estimating neighborhood walkability: an analysis of four US metropolitan areas},
  author={Duncan, Dustin T and Aldstadt, Jared and Whalen, John and Melly, Steven J and Gortmaker, Steven L},
  journal={International journal of environmental research and public health},
  volume={8},
  number={11},
  pages={4160--4179},
  year={2011},
  publisher={Molecular Diversity Preservation International}
}
@book{speck2013walkable,
  title={Walkable city: How downtown can save America, one step at a time},
  author={Speck, Jeff},
  year={2013. Print.},
  publisher={New York: Macmillan}
}
@misc{gallupPoll,
  author = {Steve Crabtree and Faith Nsubuga},
  title = {{Women feel less safe than men in many developed countries}},
  howpublished = "\url{ http://www.gallup.com/poll/155402/women-feel-less-safe-men-developed-countries.aspx
}",
  year = {2012}, 
  note = "[Online; accessed July-2015]"
}
@misc{harassReport,
  author = {},
  title = {{Stop Street Harassment. Unsafe and Harassed in Public Spaces: A National Street Harassment Report}},
  howpublished = "\url{ http://www.stopstreetharassment.org/wp-content/uploads/2012/08/2014-National-SSH-Street-Harassment-Report.pdf
}",
  year = {2014}, 
  note = "[Online; accessed July-2015]"
}
@article{urbanCity,
  title={Urbane-ing the city: Examining and refining the assumptions behind urban informatics},
  author={Williams, Amanda and Robles, Erica and Dourish, Paul},
  journal={Handbook of research on urban informatics: The practice and promise of the real-time city},
  pages={1--20},
  year={2009}
}
@book{walkHealth,
  title={Reversing the obesogenic environment},
  author={Lee, Rebecca E and McAlexander, Kristen and Banda, Jorge},
  year={2011. Print.},
  publisher={Champaign, IL: Human Kinetics}
}
@misc{walkWealth,
  title={Now Coveted: A Walkable, Convenient Place},
  author={Leinberger, Christopher B},
  editor={New York Times},
  pages={6},
  year={2012},
  howpublished = "\url{ http://ctmainstreet.org/wp-content/uploads/2012/07/1a-Opinion-Walkable-Place.pdf/
}",
note = {[Online; posted May-2012]"}
}
@misc{hollaback,
  author = {Hollaback},
  title = {{Read and Share Stories. When it comes to street harassment, you are not alone.}},
  howpublished = "\url{ http://www.ihollaback.org/share/
}",
  year = {2015}, 
  note = "[Online; accessed July-2015]"
}
@misc{walkScores,
  author = {},
  title = {{Walkscore.com. Walkable Neighborhoods.}},
  howpublished = "\url{ https://www.walkscore.com/walkable-neighborhoods.shtml
}",
  year = {2015}, 
  note = "[Online; accessed July-2015]"
}
@inproceedings{happyRoutes,
  title={The shortest path to happiness: Recommending beautiful, quiet, and happy routes in the city},
  author={Quercia, Daniele and Schifanella, Rossano and Aiello, Luca Maria},
  booktitle={Proceedings of the 25th ACM Conference on Hypertext and Social Media},
  pages={116--125},
  year={September-2014}
}
@inproceedings{digital,
  title={The Digital Life of Walkable Streets},
  author={Quercia, Daniele and Aiello, Luca Maria and Schifanella, Rossano and Davies, Adam},
  booktitle={Proceedings of the 24th International Conference on World Wide Web},
  pages={875--884},
  year={May-2015}
}
@article{adults,
  title={{Do adults like living in high-walkable neighborhoods? Associations of walkability parameters with neighborhood satisfaction and possible mediators}},
  author={Van Dyck, Delfien and Cardon, Greet and Deforche, Benedicte and De Bourdeaudhuij, Ilse},
  journal={Health \& Place},
  volume={17},
  number={4},
  pages={971--977},
  year={2011},
  publisher={Elsevier}
}

